<record><leader>00000cas a22000007a 4500</leader><controlfield tag="001">19051499</controlfield><controlfield tag="008">890123d18uu19uuiluwr ne      0    0eng d</controlfield><datafield ind1=" " ind2=" " tag="010"><subfield code="a">sn 89071041 </subfield></datafield><datafield ind1=" " ind2=" " tag="040"><subfield code="a">NYS</subfield><subfield code="b">eng</subfield><subfield code="c">NYS</subfield><subfield code="d">NVF</subfield><subfield code="d">OCL</subfield><subfield code="d">NVF</subfield><subfield code="d">OCLCQ</subfield></datafield><datafield ind1=" " ind2=" " tag="042"><subfield code="a">msc</subfield></datafield><datafield ind1=" " ind2=" " tag="043"><subfield code="a">n-us-il</subfield></datafield><datafield ind1="0" ind2="4" tag="245"><subfield code="a">The Brimfield news.</subfield></datafield><datafield ind1=" " ind2=" " tag="260"><subfield code="a">Brimfield, Peoria County, Ill. :</subfield><subfield code="b">Pope &amp; Pacey</subfield></datafield><datafield ind1=" " ind2=" " tag="300"><subfield code="a">v.</subfield></datafield><datafield ind1=" " ind2=" " tag="310"><subfield code="a">Weekly</subfield></datafield><datafield ind1=" " ind2=" " tag="588"><subfield code="a">Description based on: Vol. 10, no. 10 (Apr. 6, 1888).</subfield></datafield><datafield ind1=" " ind2=" " tag="588"><subfield code="a">Latest issue consulted: Nov. 12, 1959.</subfield></datafield><datafield ind1=" " ind2="4" tag="651"><subfield code="a">Brimfield (Ill.)</subfield><subfield code="v">Newspapers.</subfield></datafield><datafield ind1=" " ind2=" " tag="752"><subfield code="a">United States</subfield><subfield code="b">Illinois</subfield><subfield code="c">Peoria</subfield><subfield code="d">Brimfield.</subfield></datafield><datafield ind1="0" ind2="4" tag="785"><subfield code="t">Princeville telephone (Princeville, Ill. : 1918)</subfield><subfield code="w">(DLC)sn 92054539</subfield><subfield code="w">(OCoLC)25895947</subfield></datafield><datafield ind1="1" ind2=" " tag="029"><subfield code="a">AU@</subfield><subfield code="b">000020224538</subfield></datafield></record>